
@inproceedings{vaucelle_design_2009,
	address = {New York, NY, USA},
	series = {{CHI} '09},
	title = {Design of haptic interfaces for therapy},
	isbn = {978-1-60558-246-7},
	url = {https://doi.org/10.1145/1518701.1518776},
	doi = {10.1145/1518701.1518776},
	abstract = {Touch is fundamental to our emotional well-being. Medical science is starting to understand and develop touch-based therapies for autism spectrum, mood, anxiety and borderline disorders. Based on the most promising touch therapy protocols, we are presenting the first devices that simulate touch through haptic devices to bring relief and assist clinical therapy for mental health. We present several haptic systems that enable medical professionals to facilitate the collaboration between patients and doctors and potentially pave the way for a new form of non-invasive treatment that could be adapted from use in care-giving facilities to public use. We developed these prototypes working closely with a team of mental health professionals.},
	urldate = {2023-10-23},
	booktitle = {Proceedings of the {SIGCHI} {Conference} on {Human} {Factors} in {Computing} {Systems}},
	publisher = {Association for Computing Machinery},
	author = {Vaucelle, Cati and Bonanni, Leonardo and Ishii, Hiroshi},
	month = apr,
	year = {2009},
	keywords = {haptics, health care, psychotherapy, tangible user interfaces, touch therapy, wearable computing},
	pages = {467--470},
	file = {Texte intégral:C\:\\Users\\tjour\\Zotero\\storage\\CCZFKCG5\\Vaucelle et al. - 2009 - Design of haptic interfaces for therapy.pdf:application/pdf},
}

Advanced Prosthetics Made Accessible : How PSYONIC Developed a Bionic Hand Using Additive Manufacturing | Formlabs. (s. d.). Consulté 24 octobre 2023, à l’adresse https://formlabs.com/blog/psyonic-advanced-prosthetics-additive/?utm_source=youtube&utm_medium=social&utm_campaign=yto-psyonic
Coapt—Myoelectric Pattern Recognition for Upper Limb Prostheses. (s. d.). Coapt Myo Pattern Recognition. Consulté 24 octobre 2023, à l’adresse https://coaptengineering.com/
Interhaptics. (2021, juin 14). Haptics for Mobile : The best practices for Android and iOS. Nerd For Tech. https://medium.com/nerd-for-tech/haptics-for-mobile-the-best-practices-for-android-and-ios-d2aa72409bdd
Mending broken hearts. (2020, novembre 13). University of Technology Sydney. https://www.uts.edu.au/partners-and-community/alumni-and-supporters/alumni/tower/stay-connected/mending-broken-hearts
New advances for haptic rendering : State of the art | SpringerLink. (s. d.). Consulté 24 octobre 2023, à l’adresse https://link.springer.com/article/10.1007/s00371-016-1324-y
Prosthesis. (2023). In Wikipedia. https://en.wikipedia.org/w/index.php?title=Prosthesis&oldid=1181407711
PSYONIC. (s. d.). PSYONIC. Consulté 24 octobre 2023, à l’adresse https://www.psyonic.io
Service, P. N. (s. d.). New flexible, transparent, wearable bio-patch, improves cellular observation, drug delivery. Consulté 24 octobre 2023, à l’adresse https://www.purdue.edu/newsroom/releases/2018/Q4/new-flexible,-transparent,-wearable-bio-patch,-improves-cellular-observation,-drug-delivery.html
Skinetic by Actronika. (s. d.). Consulté 24 octobre 2023, à l’adresse https://www.skinetic.actronika.com/
van Middendorp, J. J., Sanchez, G. M., & Burridge, A. L. (2010). The Edwin Smith papyrus : A clinical reappraisal of the oldest known document on spinal injuries. European Spine Journal: Official Publication of the European Spine Society, the European Spinal Deformity Society, and the European Section of the Cervical Spine Research Society, 19(11), 1815‑1823. https://doi.org/10.1007/s00586-010-1523-6
What’s under the hood of the DualSense? (s. d.). Consulté 24 octobre 2023, à l’adresse https://www.actronika.com/post/whats-under-the-hood-of-the-dualsense
Zampieri, F., ElMaghawry, M., Zanatta, A., & Thiene, G. (2015). Andreas Vesalius : Celebrating 500 years of dissecting nature. Global Cardiology Science and Practice, 2015(5), 66. https://doi.org/10.5339/gcsp.2015.66
